

@article{camden1984white,
  title={White lies in interpersonal communication: A taxonomy and preliminary investigation of social motivations},
  author={Camden, Carl and Motley, Michael T and Wilson, Ann},
  journal={Western Journal of Speech Communication},
  volume={48},
  number={4},
  pages={309--325},
  year={1984},
  publisher={Taylor \& Francis}
}

@article{donath1999identity,
  title={Identity and deception in the virtual community},
  author={Donath, Judith S and others},
  journal={Communities in cyberspace},
  volume={1996},
  pages={29--59},
  year={1999}
}

@article{depaulo1996lying,
  title={Lying in everyday life.},
  author={DePaulo, Bella M and Kashy, Deborah A and Kirkendol, Susan E and Wyer, Melissa M and Epstein, Jennifer A},
  journal={Journal of personality and social psychology},
  volume={70},
  number={5},
  pages={979},
  year={1996},
  publisher={American Psychological Association}
}

@article{hancock2007digital,
  title={Digital deception},
  author={Hancock, Jeffrey T},
  journal={Oxford handbook of internet psychology},
  pages={289--301},
  year={2007}
}

@article{buller1996testing,
  title={Testing interpersonal deception theory: The language of interpersonal deception},
  author={Buller, David B and Burgoon, Judee K and Buslig, Aileen and Roiger, James},
  journal={Communication theory},
  volume={6},
  number={3},
  pages={268--289},
  year={1996},
  publisher={Wiley Online Library}
}

@article{hample1980purposes,
  title={Purposes and effects of lying},
  author={Hample, Dale},
  journal={Southern Speech Communication Journal},
  volume={46},
  number={1},
  pages={33--47},
  year={1980},
  publisher={Taylor \& Francis}
}

@article{whitty2002liar,
  title={Liar, liar! An examination of how open, supportive and honest people are in chat rooms},
  author={Whitty, Monica T},
  journal={Computers in Human Behavior},
  volume={18},
  number={4},
  pages={343--352},
  year={2002},
  publisher={Elsevier}
}

@book{turkle2011life,
  title={Life on the Screen},
  author={Turkle, Sherry},
  year={2011},
  publisher={Simon and Schuster}
}

@article{yee2009proteus,
  title={The Proteus effect: Implications of transformed digital self-representation on online and offline behavior},
  author={Yee, Nick and Bailenson, Jeremy N and Ducheneaut, Nicolas},
  journal={Communication Research},
  year={2009},
  publisher={Sage Publications}
}

@article{hussain2008gender,
  title={Gender swapping and socializing in cyberspace: An exploratory study},
  author={Hussain, Zaheer and Griffiths, Mark D},
  journal={CyberPsychology \& Behavior},
  volume={11},
  number={1},
  pages={47--53},
  year={2008},
  publisher={Mary Ann Liebert, Inc. 140 Huguenot Street, 3rd Floor New Rochelle, NY 10801-5215 USA}
}

@article{van2008theorizing,
  title={Theorizing gender and the Internet: Past, present, and future},
  author={Van Doorn, Niels and Van Zoonen, Liesbeth},
  journal={The Routledge Handbook of Internet Politics},
  pages={261--74},
  year={2008}
}

@article{potts2014love,
  title={‘LOVE YOU GUYS (NO HOMO)’ How gamers and fans play with sexuality, gender, and Minecraft on YouTube},
  author={Potts, Amanda},
  journal={Critical Discourse Studies},
  number={ahead-of-print},
  pages={1--24},
  year={2014},
  publisher={Taylor \& Francis}
}

@article{whitty2001age,
  title={Age/sex/location: Uncovering the social cues in the development of online relationships},
  author={Whitty, Monica and Gavin, Jeff},
  journal={CyberPsychology \& Behavior},
  volume={4},
  number={5},
  pages={623--630},
  year={2001},
  publisher={Mary Ann Liebert, Inc.}
}

@article{camden1984white,
  title={White lies in interpersonal communication: A taxonomy and preliminary investigation of social motivations},
  author={Camden, Carl and Motley, Michael T and Wilson, Ann},
  journal={Western Journal of Speech Communication},
  volume={48},
  number={4},
  pages={309--325},
  year={1984},
  publisher={Taylor \& Francis}
}

@article{depaulo2003cues,
  title={Cues to deception.},
  author={DePaulo, Bella M and Lindsay, James J and Malone, Brian E and Muhlenbruck, Laura and Charlton, Kelly and Cooper, Harris},
  journal={Psychological bulletin},
  volume={129},
  number={1},
  pages={74},
  year={2003},
  publisher={American Psychological Association}
}

@inproceedings{hancock2004deception,
  title={Deception and design: The impact of communication technology on lying behavior},
  author={Hancock, Jeffrey T and Thom-Santelli, Jennifer and Ritchie, Thompson},
  booktitle={Proceedings of the SIGCHI conference on Human factors in computing systems},
  pages={129--134},
  year={2004},
  organization={ACM}
}

@inproceedings{Burgoon:2003:TDM:820748.821362,
 author = {Burgoon, Judee K. and Stoner, Gates Matthew and Bonito, Joseph A. and Dunbar, Norah E.},
 title = {Trust and Deception in Mediated Communication},
 booktitle = {Proceedings of the 36th Annual Hawaii International Conference on System Sciences (HICSS'03) - Track1 - Volume 1},
 series = {HICSS '03},
 year = {2003},
 isbn = {0-7695-1874-5},
 pages = {44.1--},
 url = {http://dl.acm.org/citation.cfm?id=820748.821362},
 acmid = {821362},
 publisher = {IEEE Computer Society},
 address = {Washington, DC, USA},
} 

@inproceedings{hancock2009butler,
  title={Butler lies: awareness, deception and design},
  author={Hancock, Jeff and Birnholtz, Jeremy and Bazarova, Natalya and Guillory, Jamie and Perlin, Josh and Amos, Barrett},
  booktitle={Proceedings of the SIGCHI Conference on Human Factors in Computing Systems},
  pages={517--526},
  year={2009},
  organization={ACM}
}

@article{naquin2010finer,
  title={The finer points of lying online: e-mail versus pen and paper.},
  author={Naquin, Charles E and Kurtzberg, Terri R and Belkin, Liuba Y},
  journal={Journal of Applied Psychology},
  volume={95},
  number={2},
  pages={387},
  year={2010},
  publisher={American Psychological Association}
}

@online{salford,
  author = {John Sanford},
  title = {The Truth about Lying: Course explores history of deception},
  year = 2003,
  month = {April},
  day = 23,
  url = {http://news.stanford.edu/news/2003/april23/deception-423.html},
  urldate = {2003-04-23}
}

@article {JCC4:JCC420,
author = {Ellison, Nicole and Heino, Rebecca and Gibbs, Jennifer},
title = {Managing Impressions Online: Self-Presentation Processes in the Online Dating Environment},
journal = {Journal of Computer-Mediated Communication},
volume = {11},
number = {2},
publisher = {Blackwell Publishing Inc},
issn = {1083-6101},
url = {http://dx.doi.org/10.1111/j.1083-6101.2006.00020.x},
doi = {10.1111/j.1083-6101.2006.00020.x},
pages = {415--441},
year = {2006},
}

@article{caspi2006online,
  title={Online deception: Prevalence, motivation, and emotion},
  author={Caspi, Avner and Gorsky, Paul},
  journal={CyberPsychology \& Behavior},
  volume={9},
  number={1},
  pages={54--59},
  year={2006},
  publisher={Mary Ann Liebert, Inc. 2 Madison Avenue Larchmont, NY 10538 USA}
}

@inproceedings{Hancock:2007:TLO:1240624.1240697,
 author = {Hancock, Jeffrey T. and Toma, Catalina and Ellison, Nicole},
 title = {The Truth About Lying in Online Dating Profiles},
 booktitle = {Proceedings of the SIGCHI Conference on Human Factors in Computing Systems},
 series = {CHI '07},
 year = {2007},
 isbn = {978-1-59593-593-9},
 location = {San Jose, California, USA},
 pages = {449--452},
 numpages = {4},
 url = {http://doi.acm.org/10.1145/1240624.1240697},
 doi = {10.1145/1240624.1240697},
 acmid = {1240697},
 publisher = {ACM},
 address = {New York, NY, USA},
 keywords = {computer-mediated communication, deception, lying, online dating, self-presentation},
} 

@article{walther1996computer,
  title={Computer-mediated communication impersonal, interpersonal, and hyperpersonal interaction},
  author={Walther, Joseph B},
  journal={Communication research},
  volume={23},
  number={1},
  pages={3--43},
  year={1996},
  publisher={Sage Publications}
}

